<?xml version="1.0" encoding="UTF-8" ?>
<collection xmlns="http://www.loc.gov/MARC21/slim">
    <record>
        <leader>00569nam a2200193 a 4500</leader>
        <controlfield tag="001">010025123</controlfield>
        <controlfield tag="003">UkOxU</controlfield>
        <controlfield tag="005">19960507114942.0</controlfield>
        <controlfield tag="008">871229r19871922enk 000 1 eng d</controlfield>
        <datafield tag="015" ind1=" " ind2=" ">
            <subfield code="a">GB-8806299</subfield>
        </datafield>
        <datafield tag="020" ind1=" " ind2=" ">
            <subfield code="a">0002321408</subfield>
        </datafield>
        <datafield tag="082" ind1=" " ind2=" ">
            <subfield code="a">823/.912</subfield>
            <subfield code="d">F</subfield>
            <subfield code="2">19</subfield>
        </datafield>
        <datafield tag="092" ind1=" " ind2=" ">
            <subfield code="a">D0000035182</subfield>
        </datafield>
        <datafield tag="100" ind1="1" ind2=" ">
            <subfield code="a">Christie, Agatha,</subfield>
            <subfield code="d">1890-1976.</subfield>
        </datafield>
        <datafield tag="245" ind1="1" ind2="4">
            <subfield code="a">The secret adversary /</subfield>
            <subfield code="c">Agatha Christie</subfield>
        </datafield>
        <datafield tag="260" ind1=" " ind2=" ">
            <subfield code="a">London :</subfield>
            <subfield code="b">Collins,</subfield>
            <subfield code="c">1987, c1922</subfield>
        </datafield>
        <datafield tag="300" ind1=" " ind2=" ">
            <subfield code="a">220 p. ;</subfield>
            <subfield code="c">21 cm</subfield>
        </datafield>
        <datafield tag="500" ind1=" " ind2=" ">
            <subfield code="a">Originally published: London : Dodd Mead, 1922</subfield>
        </datafield>
        <datafield tag="852" ind1="8" ind2=" ">
            <subfield code="a">UkOxU</subfield>
            <subfield code="b">BODBL</subfield>
            <subfield code="h">X89.G00694</subfield>
            <subfield code="m">(Box B000000001916)</subfield>
        </datafield>
    </record>