
    <record>
        <leader>00444nam a2200157 a 4500</leader>
        <controlfield tag="001">010316085</controlfield>
        <controlfield tag="003">UkOxU</controlfield>
        <controlfield tag="005">19960511102713.0</controlfield>
        <controlfield tag="008">900820r19881923enk 000 1 eng d</controlfield>
        <datafield tag="020" ind1=" " ind2=" ">
            <subfield code="a">0006174779</subfield>
        </datafield>
        <datafield tag="092" ind1=" " ind2=" ">
            <subfield code="a">D0400661952</subfield>
        </datafield>
        <datafield tag="100" ind1="1" ind2=" ">
            <subfield code="a">Christie, Agatha,</subfield>
            <subfield code="d">1890-1976.</subfield>
        </datafield>
        <datafield tag="245" ind1="1" ind2="4">
            <subfield code="a">The murder on the links /</subfield>
            <subfield code="c">Agatha Christie</subfield>
        </datafield>
        <datafield tag="260" ind1=" " ind2=" ">
            <subfield code="a">[London] :</subfield>
            <subfield code="b">Fontana/Collins,</subfield>
            <subfield code="c">1988</subfield>
        </datafield>
        <datafield tag="300" ind1=" " ind2=" ">
            <subfield code="a">208 p.</subfield>
        </datafield>
        <datafield tag="852" ind1="8" ind2=" ">
            <subfield code="a">UkOxU</subfield>
            <subfield code="b">BODBL</subfield>
            <subfield code="h">X90.H00686</subfield>
            <subfield code="m">(Box B000000002417)</subfield>
        </datafield>
    </record>