
    <record>
        <leader>00511nam a2200181 a 4500</leader>
        <controlfield tag="001">010394485</controlfield>
        <controlfield tag="003">UkOxU</controlfield>
        <controlfield tag="005">19960512060728.0</controlfield>
        <controlfield tag="008">901219r19881924enk 000 1 eng d</controlfield>
        <datafield tag="015" ind1=" " ind2=" ">
            <subfield code="a">GB-8828750</subfield>
        </datafield>
        <datafield tag="020" ind1=" " ind2=" ">
            <subfield code="a">0006174752</subfield>
        </datafield>
        <datafield tag="082" ind1=" " ind2=" ">
            <subfield code="a">823/.912</subfield>
            <subfield code="d">F</subfield>
            <subfield code="2">19</subfield>
        </datafield>
        <datafield tag="092" ind1=" " ind2=" ">
            <subfield code="a">D0400745297</subfield>
        </datafield>
        <datafield tag="100" ind1="1" ind2=" ">
            <subfield code="a">Christie, Agatha,</subfield>
            <subfield code="d">1890-1976.</subfield>
        </datafield>
        <datafield tag="245" ind1="1" ind2="4">
            <subfield code="a">The man in the brown suit /</subfield>
            <subfield code="c">Agatha Christie</subfield>
        </datafield>
        <datafield tag="260" ind1=" " ind2=" ">
            <subfield code="a">[London] :</subfield>
            <subfield code="b">Fontana,</subfield>
            <subfield code="c">1988, c1924</subfield>
        </datafield>
        <datafield tag="300" ind1=" " ind2=" ">
            <subfield code="a">238 p.</subfield>
            <subfield code="c">18 cm</subfield>
        </datafield>
        <datafield tag="852" ind1="8" ind2=" ">
            <subfield code="a">UkOxU</subfield>
            <subfield code="b">BODBL</subfield>
            <subfield code="h">X91.H00183</subfield>
            <subfield code="m">(Box B000000002425)</subfield>
        </datafield>
    </record>