
    <record>
        <leader>00571nam a2200193 a 4500</leader>
        <controlfield tag="001">010460008</controlfield>
        <controlfield tag="003">UkOxU</controlfield>
        <controlfield tag="005">19960512200019.0</controlfield>
        <controlfield tag="008">891025t19891973enka 000 0 eng d</controlfield>
        <datafield tag="015" ind1=" " ind2=" ">
            <subfield code="a">GB-8954857</subfield>
        </datafield>
        <datafield tag="020" ind1=" " ind2=" ">
            <subfield code="a">0285628887</subfield>
        </datafield>
        <datafield tag="082" ind1=" " ind2=" ">
            <subfield code="a">821.912</subfield>
            <subfield code="2">19</subfield>
        </datafield>
        <datafield tag="092" ind1=" " ind2=" ">
            <subfield code="a">D0400889412</subfield>
        </datafield>
        <datafield tag="100" ind1="1" ind2=" ">
            <subfield code="a">Christie, Agatha,</subfield>
            <subfield code="d">1890-1976.</subfield>
        </datafield>
        <datafield tag="245" ind1="1" ind2="0">
            <subfield code="a">My flower garden /</subfield>
            <subfield code="c">Agatha Christie ; illustrated by Richard Allen</subfield>
        </datafield>
        <datafield tag="260" ind1=" " ind2=" ">
            <subfield code="a">London :</subfield>
            <subfield code="b">Souvenir,</subfield>
            <subfield code="c">1989, c1973</subfield>
        </datafield>
        <datafield tag="300" ind1=" " ind2=" ">
            <subfield code="a">[30] p. :</subfield>
            <subfield code="b">ill. ;</subfield>
            <subfield code="c">16 cm</subfield>
        </datafield>
        <datafield tag="700" ind1="1" ind2=" ">
            <subfield code="a">Allen, Richard.</subfield>
        </datafield>
        <datafield tag="852" ind1="8" ind2=" ">
            <subfield code="a">UkOxU</subfield>
            <subfield code="b">BODBL</subfield>
            <subfield code="h">X91.H01488</subfield>
            <subfield code="m">(Box B000000002440)</subfield>
        </datafield>
    </record>