
    <record>
        <leader>00563nam a2200181 a 4500</leader>
        <controlfield tag="001">010501835</controlfield>
        <controlfield tag="003">UkOxU</controlfield>
        <controlfield tag="005">19960513053702.0</controlfield>
        <controlfield tag="008">911028s1989 enk 000 0 eng d</controlfield>
        <datafield tag="020" ind1=" " ind2=" ">
            <subfield code="a">0948397594</subfield>
        </datafield>
        <datafield tag="092" ind1=" " ind2=" ">
            <subfield code="a">D0401002593</subfield>
        </datafield>
        <datafield tag="245" ind1="0" ind2="0">
            <subfield code="a">Country house murders /</subfield>
            <subfield code="c">Agatha Christie ... [et al.] ; edited by Thomas Godfrey</subfield>
        </datafield>
        <datafield tag="260" ind1=" " ind2=" ">
            <subfield code="a">London :</subfield>
            <subfield code="b">O'Mara,</subfield>
            <subfield code="c">1989</subfield>
        </datafield>
        <datafield tag="300" ind1=" " ind2=" ">
            <subfield code="a">339 p</subfield>
        </datafield>
        <datafield tag="500" ind1=" " ind2=" ">
            <subfield code="a">Twenty-two short stories by various authors</subfield>
        </datafield>
        <datafield tag="700" ind1="1" ind2=" ">
            <subfield code="a">Godfrey, Thomas.</subfield>
        </datafield>
        <datafield tag="700" ind1="1" ind2=" ">
            <subfield code="a">Christie, Agatha,</subfield>
            <subfield code="d">1890-1976.</subfield>
        </datafield>
        <datafield tag="852" ind1="8" ind2=" ">
            <subfield code="a">UkOxU</subfield>
            <subfield code="b">BODBL</subfield>
            <subfield code="h">X92.E00022</subfield>
            <subfield code="m">(Box B000000000682)</subfield>
        </datafield>
    </record>