
    <record>
        <leader>00474nam a2200169 a 4500</leader>
        <controlfield tag="001">010510001</controlfield>
        <controlfield tag="003">UkOxU</controlfield>
        <controlfield tag="005">19960513065820.0</controlfield>
        <controlfield tag="008">911114r19881948enk 000 1 eng d</controlfield>
        <datafield tag="020" ind1=" " ind2=" ">
            <subfield code="a">0006168892</subfield>
        </datafield>
        <datafield tag="092" ind1=" " ind2=" ">
            <subfield code="a">D0401020554</subfield>
        </datafield>
        <datafield tag="100" ind1="1" ind2=" ">
            <subfield code="a">Christie, Agatha,</subfield>
            <subfield code="d">1890-1976.</subfield>
        </datafield>
        <datafield tag="245" ind1="1" ind2="0">
            <subfield code="a">Taken at the flood /</subfield>
            <subfield code="c">Agatha Christie</subfield>
        </datafield>
        <datafield tag="260" ind1=" " ind2=" ">
            <subfield code="a">[s.l.] :</subfield>
            <subfield code="b">Fontana/Collins,</subfield>
            <subfield code="c">1988</subfield>
        </datafield>
        <datafield tag="300" ind1=" " ind2=" ">
            <subfield code="a">220 p.</subfield>
        </datafield>
        <datafield tag="500" ind1=" " ind2=" ">
            <subfield code="a">First published 1948</subfield>
        </datafield>
        <datafield tag="852" ind1="8" ind2=" ">
            <subfield code="a">UkOxU</subfield>
            <subfield code="b">BODBL</subfield>
            <subfield code="h">X92.H01178</subfield>
            <subfield code="m">(Box B000000002474)</subfield>
        </datafield>
    </record>