
    <record>
        <leader>00654naa a22002051a 4500</leader>
        <controlfield tag="001">010524964</controlfield>
        <controlfield tag="003">UkOxU</controlfield>
        <controlfield tag="005">20110704065352.0</controlfield>
        <controlfield tag="008">910722s1988 fr 000 0 fre d</controlfield>
        <datafield tag="041" ind1="1" ind2=" ">
            <subfield code="a">fre</subfield>
            <subfield code="h">eng</subfield>
        </datafield>
        <datafield tag="092" ind1=" " ind2=" ">
            <subfield code="a">D0400921293</subfield>
        </datafield>
        <datafield tag="100" ind1="1" ind2=" ">
            <subfield code="a">Christie, Agatha,</subfield>
            <subfield code="d">1890-1976.</subfield>
        </datafield>
        <datafield tag="240" ind1="1" ind2="0">
            <subfield code="a">Hollow.</subfield>
            <subfield code="l">French</subfield>
        </datafield>
        <datafield tag="245" ind1="1" ind2="3">
            <subfield code="a">Le vallon /</subfield>
            <subfield code="c">Agatha Christie ; adaptation et mise en scène de Simone
                Benmussa</subfield>
        </datafield>
        <datafield tag="260" ind1=" " ind2=" ">
            <subfield code="a">Paris :</subfield>
            <subfield code="b">L'Avant-Scène,</subfield>
            <subfield code="c">1988</subfield>
        </datafield>
        <datafield tag="490" ind1="1" ind2=" ">
            <subfield code="a">Avant-scène. Théâtre ;</subfield>
            <subfield code="v">825</subfield>
        </datafield>
        <datafield tag="500" ind1=" " ind2=" ">
            <subfield code="a">In: L'Avant-scène. Théâtre, 825, 1er mars 1988.</subfield>
        </datafield>
        <datafield tag="700" ind1="1" ind2=" ">
            <subfield code="a">Benmussa, Simone.</subfield>
        </datafield>
        <datafield tag="830" ind1=" " ind2="0">
            <subfield code="a">Avant-scène.</subfield>
            <subfield code="p">Théâtre ;</subfield>
            <subfield code="v">825</subfield>
        </datafield>
        <datafield tag="852" ind1="8" ind2=" ">
            <subfield code="a">UkOxU</subfield>
            <subfield code="b">TAYBL</subfield>
            <subfield code="h">B.PER.</subfield>
        </datafield>
    </record>