
    <record>
        <leader>00579nam a22001931a 4500</leader>
        <controlfield tag="001">010726453</controlfield>
        <controlfield tag="003">UkOxU</controlfield>
        <controlfield tag="005">19960518214305.0</controlfield>
        <controlfield tag="008">930413s1985 enk 000 1 eng d</controlfield>
        <datafield tag="015" ind1=" " ind2=" ">
            <subfield code="a">GB 86-17291</subfield>
        </datafield>
        <datafield tag="020" ind1=" " ind2=" ">
            <subfield code="a">0002215454</subfield>
        </datafield>
        <datafield tag="035" ind1=" " ind2=" ">
            <subfield code="a">CURL 9900B8617291(Bnb) from emmc32d</subfield>
        </datafield>
        <datafield tag="082" ind1=" " ind2=" ">
            <subfield code="a">823/.912</subfield>
            <subfield code="d">F</subfield>
            <subfield code="2">19</subfield>
        </datafield>
        <datafield tag="092" ind1=" " ind2=" ">
            <subfield code="a">D0501032282</subfield>
        </datafield>
        <datafield tag="100" ind1="1" ind2=" ">
            <subfield code="a">Westmacott, Mary,</subfield>
            <subfield code="d">1890-1976.</subfield>
        </datafield>
        <datafield tag="245" ind1="1" ind2="0">
            <subfield code="a">Giant's bread /</subfield>
            <subfield code="c">Mary Westmacott, also known as Agatha Christie</subfield>
        </datafield>
        <datafield tag="260" ind1=" " ind2=" ">
            <subfield code="a">London :</subfield>
            <subfield code="b">Collins,</subfield>
            <subfield code="c">1985, c1958</subfield>
        </datafield>
        <datafield tag="300" ind1=" " ind2=" ">
            <subfield code="a">350 p ;</subfield>
            <subfield code="c">21 cm</subfield>
        </datafield>
        <datafield tag="852" ind1="8" ind2=" ">
            <subfield code="a">UkOxU</subfield>
            <subfield code="b">BODBL</subfield>
            <subfield code="h">25612 e.14210</subfield>
            <subfield code="m">(Repr., 1985)</subfield>
        </datafield>
    </record>