
    <record>
        <leader>00564nam a2200193 a 4500</leader>
        <controlfield tag="001">010772766</controlfield>
        <controlfield tag="003">UkOxU</controlfield>
        <controlfield tag="005">19960520084701.0</controlfield>
        <controlfield tag="008">930510r19911924enk 000 1 eng d</controlfield>
        <datafield tag="020" ind1=" " ind2=" ">
            <subfield code="a">0006174795</subfield>
        </datafield>
        <datafield tag="082" ind1=" " ind2=" ">
            <subfield code="a">823/.912</subfield>
            <subfield code="d">F</subfield>
            <subfield code="2">19</subfield>
        </datafield>
        <datafield tag="092" ind1=" " ind2=" ">
            <subfield code="a">D0501072792</subfield>
        </datafield>
        <datafield tag="100" ind1="1" ind2=" ">
            <subfield code="a">Christie, Agatha,</subfield>
            <subfield code="d">1890-1976.</subfield>
        </datafield>
        <datafield tag="245" ind1="1" ind2="0">
            <subfield code="a">Poirot investigates /</subfield>
            <subfield code="c">Agatha Christie</subfield>
        </datafield>
        <datafield tag="260" ind1=" " ind2=" ">
            <subfield code="a">[London] :</subfield>
            <subfield code="b">Fontana,</subfield>
            <subfield code="c">1991</subfield>
        </datafield>
        <datafield tag="300" ind1=" " ind2=" ">
            <subfield code="a">192 p.</subfield>
        </datafield>
        <datafield tag="500" ind1=" " ind2=" ">
            <subfield code="a">First published: London : Bodley Head, 1924</subfield>
        </datafield>
        <datafield tag="830" ind1=" " ind2="4">
            <subfield code="a">The Christie collection</subfield>
        </datafield>
        <datafield tag="852" ind1="8" ind2=" ">
            <subfield code="a">UkOxU</subfield>
            <subfield code="b">BODBL</subfield>
            <subfield code="h">X93.H01474</subfield>
            <subfield code="m">(Box B000000002537)</subfield>
        </datafield>
    </record>