
    <record>
        <leader>00568nam a2200193 a 4500</leader>
        <controlfield tag="001">010867680</controlfield>
        <controlfield tag="003">UkOxU</controlfield>
        <controlfield tag="005">19960522144541.0</controlfield>
        <controlfield tag="008">931015s1993 enk 000 0 eng d</controlfield>
        <datafield tag="020" ind1=" " ind2=" ">
            <subfield code="a">000224344X</subfield>
        </datafield>
        <datafield tag="020" ind1=" " ind2=" ">
            <subfield code="a">0006476570 (Specialoverseas ed.)</subfield>
        </datafield>
        <datafield tag="040" ind1=" " ind2=" ">
            <subfield code="a">OX/U-1</subfield>
        </datafield>
        <datafield tag="092" ind1=" " ind2=" ">
            <subfield code="a">D0501277907</subfield>
        </datafield>
        <datafield tag="100" ind1="1" ind2=" ">
            <subfield code="a">Christie, Agatha,</subfield>
            <subfield code="d">1890-1976.</subfield>
        </datafield>
        <datafield tag="245" ind1="1" ind2="4">
            <subfield code="a">The mousetrap and other plays /</subfield>
            <subfield code="c">Agatha Christie</subfield>
        </datafield>
        <datafield tag="260" ind1=" " ind2=" ">
            <subfield code="a">London :</subfield>
            <subfield code="b">HarperCollins,</subfield>
            <subfield code="c">1993</subfield>
        </datafield>
        <datafield tag="300" ind1=" " ind2=" ">
            <subfield code="a">714 p. ;</subfield>
            <subfield code="c">24 cm</subfield>
        </datafield>
        <datafield tag="852" ind1="8" ind2=" ">
            <subfield code="a">UkOxU</subfield>
            <subfield code="b">BODBL</subfield>
            <subfield code="h">M93.E11913</subfield>
        </datafield>
        <datafield tag="852" ind1="8" ind2=" ">
            <subfield code="a">UkOxU</subfield>
            <subfield code="b">BODBL</subfield>
            <subfield code="h">X95.H01360</subfield>
            <subfield code="m">(Box B000000002651)</subfield>
        </datafield>
    </record>