
    <record>
        <leader>00645nam a22002291a 4500</leader>
        <controlfield tag="001">010952540</controlfield>
        <controlfield tag="003">UkOxU</controlfield>
        <controlfield tag="005">19960524230431.0</controlfield>
        <controlfield tag="008">940316s1954 enka 000 1 eng d</controlfield>
        <datafield tag="010" ind1=" " ind2=" ">
            <subfield code="a">LC 54-023986 /L</subfield>
        </datafield>
        <datafield tag="015" ind1=" " ind2=" ">
            <subfield code="a">GB56-7230</subfield>
        </datafield>
        <datafield tag="035" ind1=" " ind2=" ">
            <subfield code="a">OCLC 00368098 from pio11</subfield>
        </datafield>
        <datafield tag="040" ind1=" " ind2=" ">
            <subfield code="a">DLC</subfield>
            <subfield code="c">WSU</subfield>
            <subfield code="d">OCL</subfield>
            <subfield code="d">UKM</subfield>
            <subfield code="d">EQO</subfield>
        </datafield>
        <datafield tag="050" ind1=" " ind2="0">
            <subfield code="a">PR6005.H66</subfield>
            <subfield code="b">M6</subfield>
        </datafield>
        <datafield tag="082" ind1=" " ind2=" ">
            <subfield code="a">822.91</subfield>
        </datafield>
        <datafield tag="092" ind1=" " ind2=" ">
            <subfield code="a">D0501487302</subfield>
        </datafield>
        <datafield tag="100" ind1="1" ind2=" ">
            <subfield code="a">Christie, Agatha,</subfield>
            <subfield code="d">1890-1976.</subfield>
        </datafield>
        <datafield tag="245" ind1="1" ind2="4">
            <subfield code="a">The mousetrap,</subfield>
            <subfield code="b">a play in two acts</subfield>
        </datafield>
        <datafield tag="260" ind1=" " ind2=" ">
            <subfield code="a">London :</subfield>
            <subfield code="b">French,</subfield>
            <subfield code="c">[1954]</subfield>
        </datafield>
        <datafield tag="300" ind1=" " ind2=" ">
            <subfield code="a">70 p.</subfield>
            <subfield code="b">illus.</subfield>
            <subfield code="c">22 cm</subfield>
        </datafield>
        <datafield tag="830" ind1=" " ind2="0">
            <subfield code="a">French's acting edition ;</subfield>
            <subfield code="v">No. 153</subfield>
        </datafield>
        <datafield tag="852" ind1="8" ind2=" ">
            <subfield code="a">UkOxU</subfield>
            <subfield code="b">BODBL</subfield>
            <subfield code="h">M. adds. 110 d.502</subfield>
        </datafield>
    </record>