
    <record>
        <leader>00544nam a2200169 a 4500</leader>
        <controlfield tag="001">011006446</controlfield>
        <controlfield tag="003">UkOxU</controlfield>
        <controlfield tag="005">19960529123214.0</controlfield>
        <controlfield tag="008">940613r19921972enk d 000 1 eng d</controlfield>
        <datafield tag="020" ind1=" " ind2=" ">
            <subfield code="a">0708926576</subfield>
        </datafield>
        <datafield tag="092" ind1=" " ind2=" ">
            <subfield code="a">D0501704527</subfield>
        </datafield>
        <datafield tag="100" ind1="1" ind2=" ">
            <subfield code="a">Christie, Agatha,</subfield>
            <subfield code="d">1890-1976.</subfield>
        </datafield>
        <datafield tag="245" ind1="1" ind2="0">
            <subfield code="a">Elephants can remember</subfield>
        </datafield>
        <datafield tag="260" ind1=" " ind2=" ">
            <subfield code="a">Leicester :</subfield>
            <subfield code="b">Ulverscroft,</subfield>
            <subfield code="c">1992</subfield>
        </datafield>
        <datafield tag="300" ind1=" " ind2=" ">
            <subfield code="a">351 p (large print)</subfield>
        </datafield>
        <datafield tag="500" ind1=" " ind2=" ">
            <subfield code="a">&quot;First published in Great Britain in 1972 by William Collins
                Sons &amp; Co., London&quot; - t.p. verso</subfield>
        </datafield>
        <datafield tag="852" ind1="8" ind2=" ">
            <subfield code="a">UkOxU</subfield>
            <subfield code="b">BODBL</subfield>
            <subfield code="h">X94.F02651</subfield>
            <subfield code="m">(Box B000000001616)</subfield>
        </datafield>
    </record>