
    <record>
        <leader>00542nam a2200181 a 4500</leader>
        <controlfield tag="001">011035622</controlfield>
        <controlfield tag="003">UkOxU</controlfield>
        <controlfield tag="005">19960529191603.0</controlfield>
        <controlfield tag="008">940804r19921965enk 000 1 eng d</controlfield>
        <datafield tag="020" ind1=" " ind2=" ">
            <subfield code="a">0006276644</subfield>
        </datafield>
        <datafield tag="092" ind1=" " ind2=" ">
            <subfield code="a">D0501826522</subfield>
        </datafield>
        <datafield tag="100" ind1="1" ind2=" ">
            <subfield code="a">Christie, Agatha,</subfield>
            <subfield code="d">1890-1976.</subfield>
        </datafield>
        <datafield tag="245" ind1="1" ind2="0">
            <subfield code="a">Star over Bethlehem, and other stories /</subfield>
            <subfield code="c">by Agatha Christie Mallowan</subfield>
        </datafield>
        <datafield tag="260" ind1=" " ind2=" ">
            <subfield code="a">London :</subfield>
            <subfield code="b">Fount,</subfield>
            <subfield code="c">1992</subfield>
        </datafield>
        <datafield tag="300" ind1=" " ind2=" ">
            <subfield code="a">84 p.</subfield>
        </datafield>
        <datafield tag="500" ind1=" " ind2=" ">
            <subfield code="a">First published: Dodd, Mead, 1965</subfield>
        </datafield>
        <datafield tag="650" ind1=" " ind2="0">
            <subfield code="a">Christmas stories</subfield>
        </datafield>
        <datafield tag="852" ind1="8" ind2=" ">
            <subfield code="a">UkOxU</subfield>
            <subfield code="b">BODBL</subfield>
            <subfield code="h">X94.H03226</subfield>
            <subfield code="m">(Box B000000002614)</subfield>
        </datafield>
    </record>
</collection>
